@article{kroese2014monte,
  title={Why the Monte Carlo method is so important today},
  author={Kroese, Dirk P and Brereton, Tim and Taimre, Thomas and Botev, Zdravko I},
  journal={Wiley Interdisciplinary Reviews: Computational Statistics},
  volume={6},
  number={6},
  pages={386--392},
  year={2014},
  publisher={Wiley Online Library}
}

@book{shonkwiler2009explorations,
  title={Explorations in Monte Carlo Methods},
  author={Shonkwiler, Ronald W and Mendivil, Franklin},
  year={2009},
  publisher={Springer Science \& Business Media}
}

@book{Wirth:1978:ADS:540029,
 author = {Wirth, Niklaus},
 title = {Algorithms + Data Structures = Programs},
 year = {1978},
 isbn = {0130224189},
 publisher = {Prentice Hall PTR},
 address = {Upper Saddle River, NJ, USA}
} 

@book{knuth1997art,
  title={The art of computer programming: Fundamental Algorithms },
  author={Knuth, Donald Ervin},
  volume={1},
  year={1968},
  publisher={Pearson Education}
}

@book{knuth1997art2,
  title={The art of computer programming: Seminumerical Algorithms },
  author={Knuth, Donald Ervin},
  volume={2},
  year={1968},
  publisher={Pearson Education}
}

@article{goldberg1991every,
  title={What every computer scientist should know about floating-point arithmetic},
  author={Goldberg, David},
  journal={ACM Computing Surveys (CSUR)},
  volume={23},
  number={1},
  pages={5--48},
  year={1991},
  publisher={ACM}
}

@ARTICLE{4610935,
author={},
journal={{IEEE} Std 754-2008},
title={{IEEE Standard for Floating-Point Arithmetic}},
year={2008},
volume={},
number={},
pages={1-70},
keywords={floating point arithmetic;IEEE standards;programming;IEEE standard;decimal floating-point arithmetic;computer programming;arithmetic formats;754-2008;arithmetic;binary;computer;decimal;exponent;floating-point;format;interchange;NaN;number;rounding;significand;subnormal},
doi={10.1109/IEEESTD.2008.4610935},
ISSN={},
month={Aug},}

@book{aarseth2003gravitational,
  title={Gravitational N-body simulations: tools and algorithms},
  author={Aarseth, Sverre J},
  year={2003},
  publisher={Cambridge University Press}
}

@book{aarseth2008cambridge,
  title={The Cambridge N-body lectures},
  author={Aarseth, Sverre and Tout, Christopher and Mardling, Rosemary},
  volume={760},
  year={2008},
  publisher={Springer}
}

@article{mohr2016codata,
  title={CODATA recommended values of the fundamental physical constants: 2014},
  author={Mohr, Peter J and Newell, David B and Taylor, Barry N},
  journal={Journal of Physical and Chemical Reference Data},
  volume={45},
  number={4},
  pages={043102},
  year={2016},
  publisher={NIST}
}

@book{newton1833philosophiae,
  title={Philosophiae naturalis principia mathematica},
  author={Newton, Isaac},
  volume={1},
  year={1833},
  publisher={G. Brookman}
}
